@inproceedings{ljubic2005solving,
  title={Solving the prize-collecting Steiner tree problem to optimality},
  author={Ljubic, Ivana and Weiskircher, Ren{\'e} and Pferschy, Ulrich and Klau, Gunnar W and Mutzel, Petra and Fischetti, Matteo},
  booktitle={ALENEX/ANALCO},
  pages={68--76},
  year={2005}
}